@misc{statista-internet,
	title = {Global digital population 2020},
	url = {https://www.statista.com/statistics/617136/digital-population-worldwide/},
	abstract = {How many people use the internet?
Almost 4.57 billion people were active internet users as of April 2020, encompassing 59 percent of the global population.},
	language = {en},
	urldate = {2020-04-25},
	journal = {Statista},
	note = {Library Catalog: www.statista.com},
	file = {Snapshot:/Users/hegele/Zotero/storage/4VQ75JF4/digital-population-worldwide.html:text/html}
}

@misc{iOS,
	title = {Vision {Accessibility} - {iPhone}},
	url = {https://www.apple.com/accessibility/iphone/vision/},
	abstract = {iPhone has powerful features for those who are blind or low vision, like VoiceOver, a screen reader that supports refreshable braille displays.},
	language = {en-US},
	urldate = {2020-04-25},
	journal = {Apple},
	note = {Library Catalog: www.apple.com},
	file = {Snapshot:/Users/hegele/Zotero/storage/DTH6LVSA/vision.html:text/html}
}

@misc{ios-reduce-motion,
	title = {Reduce screen motion on your {iPhone}, {iPad}, or {iPod} touch},
	url = {https://support.apple.com/en-us/HT202655},
	abstract = {If you notice screen movement on your iPhone, iPad, or iPod touch, you can turn on Reduce Motion.},
	language = {en},
	urldate = {2020-04-25},
	journal = {Apple Support},
	note = {Library Catalog: support.apple.com},
	file = {Snapshot:/Users/hegele/Zotero/storage/CJ5WE8TB/HT202655.html:text/html}
}

@misc{ios-colors,
	title = {Use display and text size preferences on your {iPhone}, {iPad}, and {iPod} touch},
	url = {https://support.apple.com/en-us/HT207025},
	abstract = {With iOS accessibility features for the display, you can enlarge your text, make it bold, increase contrast, apply color filters, use Smart Invert, control auto-brightness, and more.},
	language = {en},
	urldate = {2020-04-25},
	journal = {Apple Support},
	note = {Library Catalog: support.apple.com},
	file = {Snapshot:/Users/hegele/Zotero/storage/FA6KL9IZ/HT207025.html:text/html}
}

@misc{ios-magnifier,
	title = {Use {Magnifier} with your {iPhone} or {iPad}},
	url = {https://support.apple.com/en-us/HT209517},
	abstract = {With Magnifier, you can turn your iPhone or iPad into a magnifying glass so you can zoom in on objects near you.},
	language = {en},
	urldate = {2020-04-25},
	journal = {Apple Support},
	note = {Library Catalog: support.apple.com},
	file = {Snapshot:/Users/hegele/Zotero/storage/CV7C4FPD/HT209517.html:text/html}
}

@misc{Android,
	title = {Android accessibility overview - {Android} {Accessibility} {Help}},
	url = {https://support.google.com/accessibility/android/answer/6006564?hl=en&ref_topic=6007234},
	urldate = {2020-04-25},
	file = {Android accessibility overview - Android Accessibility Help:/Users/hegele/Zotero/storage/WGQY6GYE/6006564.html:text/html}
}
